% =====================================================================================================
% Mesh visualization paper references
% =====================================================================================================



% =====================================================================================================
% Approximation paper references
% =====================================================================================================



% =====================================================================================================
% SVD compression paper references
% =====================================================================================================

@article{Benes2016,
title = "Approximation of large data from the finite element analysis allowing fast post-processing",
journal = "Advances in Engineering Software",
volume = "97",
pages = "17 - 28",
year = "2016",
issn = "0965-9978",
doi = "http://dx.doi.org/10.1016/j.advengsoft.2016.02.008",
url = "http://www.sciencedirect.com/science/article/pii/S0965997816300497",
author = "Bene\v{s}, {\v{S}}t\v{e}p\'{a}n and Kruis, Jaroslav",
}

@article{Lui2001,
  title={A Study of the JPEG-2000 Image Compression Standard},
  author={Lui, Clifford},
  year={2001}
}

@article{Watson1994,
  title={Image compression using the discrete cosine transform},
  author={Watson, Andrew},
  journal={Mathematica journal},
  volume={4},
  number={1},
  pages={81},
  year={1994},
  publisher={Redwood City, Ca.: Advanced Book Program, Addison-Wesley Pub. Co., c1990-}
}

@Article{Ivanyi2012,
   author =      {Ivanyi, Peter},
   title =          {Finite element mesh conversion based on regular expressions},
   journal =     {Advances in Engineering Software},
   year =         {2012},
   OPTkey =  {},
   volume =    {51},
   OPTnumber =      {},
   pages =       {20-39},
   OPTmonth =      {},
   note =      {DOI: 10.1016/j.advengsoft.2012.05.002},
   OPTannote =      {}
}

@Article{Ivanyi2014,
   author =      {Ivanyi, Peter},
   title =          {Parallel conversion of finite element meshes},
   journal =     {Pollack Periodica},
   year =          {2014},
   OPTkey =   {},
   volume =     {9},
   number =     {3},
   pages =        {89-102},
   OPTmonth =      {},
   note =      {DOI: 10.1556/Pollack.9.2014.3.10},
   OPTannote =      {}
}

@article{Baker2005,
  title={Singular value decomposition tutorial},
  author={Baker, Kirk},
  journal={The Ohio State University},
  volume={24},
  year={2005}
}

@article{Kalman1996,
    author = "Kalman, Dan",
    doi = "10.2307/2687269",
    issn = "07468342",
    journal = "The College Mathematics Journal",
    number = "1",
    pages = "2 - 23",
    publisher = "Mathematical Association of America",
    title = "A Singularly Valuable Decomposition: The {SVD} of a Matrix",
    url = "http://dx.doi.org/10.2307/2687269",
    volume = "27",
    year = "1996"
}

@Book{Golub1996,
  author = {Golub, Gene and Van Loan, Charles},
  title = {Matrix Computations},
  publisher = {The Johns Hopkins University Press},
  year = {1996},
  address = {Baltimore, London},
  edition = {3},
  ISBN = {0-8018-5414-8}
}

@article{SairaBanu2015,
title = "Parallel Implementation of Singular Value Decomposition ({SVD}) in Image Compression using {OpenMP} and Sparse Matrix Representation",
journal = "Indian Journal of Science and Technology",
author = "SairaBanu, J. and Rajasekhara Babu and Reeta Pandey",
year = "2015"
}

@article{Candes2011,
  title={Robust principal component analysis?},
  author={Cand{\`e}s, Emmanuel and Li, Xiaodong and Ma, Yi and Wright, John},
  journal={Journal of the ACM (JACM)},
  volume={58},
  number={3},
  pages={11},
  year={2011},
  publisher={ACM}
}

@article{Woolfe2008,
title = "A fast randomized algorithm for the approximation of matrices",
journal = "Applied and Computational Harmonic Analysis",
volume = "25",
number = "3",
pages = "335 - 366",
year = "2008",
note = "",
issn = "1063-5203",
doi = "http://dx.doi.org/10.1016/j.acha.2007.12.002",
url = "http://www.sciencedirect.com/science/article/pii/S1063520307001364",
author = "Franco Woolfe and Edo Liberty and Vladimir Rokhlin and Mark Tygert"
}

@article{Martinsson2011,
title = "A randomized algorithm for the decomposition of matrices",
journal = "Applied and Computational Harmonic Analysis",
volume = "30",
number = "1",
pages = "47 - 68",
year = "2011",
note = "",
issn = "1063-5203",
doi = "http://dx.doi.org/10.1016/j.acha.2010.02.003",
url = "http://www.sciencedirect.com/science/article/pii/S1063520310000242",
author = "PerGunnar Martinsson and Vladimir Rokhlin and Mark Tygert"
}

@article{Szlam2014,
  title={An implementation of a randomized algorithm for principal component analysis},
  author={Szlam, Arthur and Kluger, Yuval and Tygert, Mark},
  journal={Journal of the ACM (JACM)},
  year={2014},
  volume={1},
  number={1}
}

@article{Halko2011,
title = "Finding Structure with Randomness: Probabilistic Algorithms for Constructing Approximate Matrix Decompositions",
journal = "SIAM Review",
volume = "53",
number = "2",
pages = "217-288",
year = "2011",
issn = "0036-1445",
author = "Nathan Halko and PerGunnar Martinsson and Joel Tropp"
}

@article{Witten2015,
  title={Randomized algorithms for low-rank matrix factorizations: sharp performance bounds},
  author={Witten, Rafi and Candes, Emmanuel},
  journal={Algorithmica},
  volume={72},
  number={1},
  pages={264--281},
  year={2015},
  publisher={Springer}
}

@Article{Kruis2012,
   author =      {Kruis, Jaroslav and Koudelka, Tom\'a\v{s} and Krej\v{c}\'{\i}, T.},
   title =      {Hygro-Thermo-Mechanical Analysis of a Reactor Vessel},
   journal =      {Acta Polytechnica. Journal of Advanced Engineering},
   year =      {2012},
   OPTkey =      {},
   volume =      {52},
   number =      {6/2012},
   pages =      {67-73},
   OPTmonth =      {},
   note =      {ISSN 1210-2709, e-ISSN 1805-2363},
   OPTannote =      {}
}

@InProceedings{Koudelka2009,
   author =      {Koudelka, T. and Krej\v{c}\'{\i}, T. and \v{S}ejnoha, J.},
   title =      {Analysis of a Nuclear Power Plant Containment },
   booktitle =      {Proceedings of the Twelfth International Conference 
on Civil, Structural and Environmental Engineering Computing},
   OPTcrossref =  {},
   OPTkey =      {},
   OPTpages =      {},
   year =      {2009},
   editor =      {B.H.V. Topping, L.F. Costa Neves, R.C. Barros},
   OPTvolume =      {},
   OPTnumber =      {},
   OPTseries =      {},
   address =      {Stirlingshire, UK},
   OPTmonth =      {},
   OPTorganization = {},
   publisher = {Civil-Comp Press Ltd},
   note =      {Paper 132, doi:10.4203/ccp.91.132},
   OPTannote =      {}
}

@InProceedings{Koudelka2006,
   author =      {Koudelka, P. and Koudelka, T.},
   title =      {Risk Assessment of a Heterogeneous Stratified Rock 
Cliff under an Elevated Road},
   booktitle =      {XIIIth Danube European Conference on Geotechnical 
Engineering},
   OPTcrossref =  {},
   OPTkey =      {},
   pages =      {56-61},
   year =      {2006},
   OPTeditor =      {},
   volume =      {2},
   OPTnumber =      {},
   OPTseries =      {},
   address =      {Ljubljana},
   OPTmonth =      {},
   OPTorganization = {},
   publisher = {Slovenian Geotechnical Society},
   OPTnote =      {},
   OPTannote =      {}
}

@InProceedings{Kruis2005,
   author =      {Kruis, Jaroslav and Koudelka, Tom\'{a}\v{s} and 
Bittnar, Zden\v{e}k and Petkovski, Mihail},
   title =      {Hygro-Thermo-Mechanical Analysis of a Nuclear Power 
Plant Prestressed Concrete Reactor Vessel},
   booktitle =      {Proceedings of the Tenth International Conference 
on Civil, Structural and Environmental Engineering Computing},
   OPTcrossref =  {},
   OPTkey =      {},
   OPTpages =      {},
   year =      {2005},
   editor =      {Topping, B. H. V.},
   OPTvolume =      {},
   OPTnumber =      {},
   OPTseries =      {},
   address =      {Stirling, Scotland, UK},
   OPTmonth =      {},
   OPTorganization = {},
   publisher = {Civil-Comp Press Ltd},
   note =      {ISBN 1-905088-01-9},
   OPTannote =      {}
}

% =====================================================================================================
% Web-based FEA references
% =====================================================================================================

@article{Ari2013,
title = "Design and implementation of a cloud computing service for finite element analysis",
journal = "Advances in Engineering Software",
volume = "60-61",
number = "Supplement C",
pages = "122 - 135",
year = "2013",
note = "CIVIL-COMP: Parallel, Distributed, Grid and Cloud Computing",
issn = "0965-9978",
doi = "https://doi.org/10.1016/j.advengsoft.2012.10.003",
url = "http://www.sciencedirect.com/science/article/pii/S096599781200141X",
author = "Ismail Ari and Nitel Muhtaroglu",
keywords = "Cloud computing, Finite element analysis, Structural mechanics, Task scheduling, Multi-core, SPOOLES"
}

@article{Yu2010,
title = "A CAE-integrated distributed collaborative design system for finite element analysis of complex product based on SOOA",
journal = "Advances in Engineering Software",
volume = "41",
number = "4",
pages = "590 - 603",
year = "2010",
issn = "0965-9978",
doi = "https://doi.org/10.1016/j.advengsoft.2009.11.006",
url = "http://www.sciencedirect.com/science/article/pii/S0965997809002518",
author = "Jiaqing Yu and Jianzhong Cha and Yiping Lu and Wensheng Xu and M. Sobolewski",
keywords = "Collaborative design, Service object-oriented architecture (SOOA), Distributed CAE resources"
}

@article{Peng2003,
title = "An engineering data access system for a finite element program",
journal = "Advances in Engineering Software",
volume = "34",
number = "3",
pages = "163 - 181",
year = "2003",
issn = "0965-9978",
doi = "https://doi.org/10.1016/S0965-9978(02)00129-1",
url = "http://www.sciencedirect.com/science/article/pii/S0965997802001291",
author = "Jun Peng and David Liu and Kincho H Law",
keywords = "Engineering database, Finite element program, Selective data storage, Object serialization, Data query language, Project management, Multi-tired architecture, Software service"
}

@article{Heber2007I,
  title={Supporting finite element analysis with a relational database backend, part i: There is life beyond files},
  author={Heber, Gerd and Gray, Jim},
  journal={arXiv preprint cs/0701159},
  year={2007}
}

@article{Heber2007II,
  title={Supporting finite element analysis with a relational database backend, part ii: Database design and access},
  author={Heber, Gerd and Gray, Jim},
  journal={arXiv preprint cs/0701160},
  year={2007}
}

@article{Weng2011,
title = "Web-based post-processing visualization system for finite element analysis",
journal = "Advances in Engineering Software",
volume = "42",
number = "6",
pages = "398 - 407",
year = "2011",
issn = "0965-9978",
doi = "https://doi.org/10.1016/j.advengsoft.2011.03.003",
url = "http://www.sciencedirect.com/science/article/pii/S0965997811000317",
author = "Wei-Chu Weng",
keywords = "Web system, OpenGL, Database, Finite element analysis, Post-processing, Structural static analysis"
}

@article{Chen2008,
title = "Web-FEM: An internet-based finite-element analysis framework with 3D graphics and parallel computing environment",
journal = "Advances in Engineering Software",
volume = "39",
number = "1",
pages = "55 - 68",
year = "2008",
issn = "0965-9978",
doi = "https://doi.org/10.1016/j.advengsoft.2006.12.001",
url = "http://www.sciencedirect.com/science/article/pii/S0965997806002316",
author = "Hung-Ming Chen and Yu-Chin Lin",
keywords = "Finite element, Internet, 3D graphics, High performance computing, Object-oriented systems"
}

% =====================================================================================================
% Storage of results / File formats references
% =====================================================================================================

@ONLINE{VTK2015,
  title = {VTK File Formats},
  year = 2015,
  url = {https://www.vtk.org/wp-content/uploads/2015/04/file-formats.pdf}
}

@ONLINE{GiDManual,
  title = {GiD Reference Manual: Postprocess data files},
  url = {http://www-opale.inrialpes.fr/Aerochina/info/en/html-version/gid_17.html}
}